% Encoding: UTF-8

@Article{GraphMap,
  author    = {Ivan Sovi{\'{c}} and Mile {\v{S}}iki{\'{c}} and Andreas Wilm and Shannon Nicole Fenlon and Swaine Chen and Niranjan Nagarajan},
  title     = {Fast and sensitive mapping of nanopore sequencing reads with {GraphMap}},
  year      = {2016},
  volume    = {7},
  month     = {apr},
  pages     = {11307},
  doi       = {10.1038/ncomms11307},
  url       = {http://dx.doi.org/10.1038/ncomms11307},
  journal   = {Nature Communications},
  publisher = {Nature Publishing Group},
}

@InCollection{SDSL,
  author    = {Simon Gog and Timo Beller and Alistair Moffat and Matthias Petri},
  title     = {From Theory to Practice: Plug and Play with Succinct Data Structures},
  booktitle = {Experimental Algorithms},
  year      = {2014},
  publisher = {Springer Science $+$ Business Media},
  pages     = {326--337},
  doi       = {10.1007/978-3-319-07959-2_28},
  url       = {http://dx.doi.org/10.1007/978-3-319-07959-2\_28},
}

@Manual{JabRef_software,
  author = {{JabRef Development Team}},
  title  = {JabRef},
  year   = {2016},
  url    = {http://www.jabref.org},
}

@Article{minimap,
  author    = {Heng Li},
  title     = {Minimap and miniasm: fast mapping and de novo assembly for noisy long sequences},
  year      = {2016},
  volume    = {32},
  number    = {14},
  month     = {mar},
  pages     = {2103--2110},
  doi       = {10.1093/bioinformatics/btw152},
  url       = {http://dx.doi.org/10.1093/bioinformatics/btw152},
  journal   = {Bioinformatics},
  publisher = {Oxford University Press ({OUP})},
}

@Article{bowtie,
  author    = {Ben Langmead and Cole Trapnell and Mihai Pop and Steven L Salzberg},
  title     = {Ultrafast and memory-efficient alignment of short {DNA} sequences to the human genome},
  year      = {2009},
  volume    = {10},
  number    = {3},
  pages     = {R25},
  doi       = {10.1186/gb-2009-10-3-r25},
  url       = {http://dx.doi.org/10.1186/gb-2009-10-3-r25},
  journal   = {Genome Biol},
  publisher = {Springer Nature},
}

@Article{geneB,
  author    = {C. Sotiriou and P. Wirapati and S. Loi and A. Harris and S. Fox and J. Smeds and H. Nordgren and P. Farmer and V. Praz and B. Haibe-Kains and C. Desmedt and D. Larsimont and F. Cardoso and H. Peterse and D. Nuyten and M. Buyse and M. J. Van de Vijver and J. Bergh and M. Piccart and M. Delorenzi},
  title     = {Gene Expression Profiling in Breast Cancer: Understanding the Molecular Basis of Histologic Grade To Improve Prognosis},
  year      = {2006},
  volume    = {98},
  number    = {4},
  month     = {feb},
  pages     = {262--272},
  doi       = {10.1093/jnci/djj052},
  url       = {http://dx.doi.org/10.1093/jnci/djj052},
  journal   = {{JNCI} Journal of the National Cancer Institute},
  publisher = {Oxford University Press ({OUP})},
}

@Article{varan,
  author    = {S. Pabinger and A. Dander and M. Fischer and R. Snajder and M. Sperk and M. Efremova and B. Krabichler and M. R. Speicher and J. Zschocke and Z. Trajanoski},
  title     = {A survey of tools for variant analysis of next-generation genome sequencing data},
  year      = {2013},
  volume    = {15},
  number    = {2},
  month     = {jan},
  pages     = {256--278},
  doi       = {10.1093/bib/bbs086},
  url       = {http://dx.doi.org/10.1093/bib/bbs086},
  journal   = {Briefings in Bioinformatics},
  publisher = {Oxford University Press ({OUP})},
}

@Article{geneC,
  author       = {Andrew I. Su and John B. Welsh and Lisa M. Sapinoso and Suzanne G. Kern and Petre Dimitrov and Hilmar Lapp and Peter G. Schultz and Steven M. Powell and Christopher A. Moskaluk and Henry F. Frierson Jr. and Garret M. Hampton},
  title        = {Molecular classification of human carcinomas by use of gene expression signatures},
  journaltitle = {American Association for Cancer Research},
  year         = {2001},
  date         = {15 October 2001},
  volume       = {61},
  issue        = {20},
  pages        = {7388-7393},
  issn         = {1538-7445},
  url          = {http://cancerres.aacrjournals.org/content/61/20/7388.short},
}

@Article{GeneO,
  author    = {P. Khatri and S. Draghici},
  title     = {Ontological analysis of gene expression data: current tools, limitations, and open problems},
  year      = {2005},
  volume    = {21},
  number    = {18},
  month     = {jun},
  pages     = {3587--3595},
  doi       = {10.1093/bioinformatics/bti565},
  url       = {http://dx.doi.org/10.1093/bioinformatics/bti565},
  journal   = {Bioinformatics},
  publisher = {Oxford University Press ({OUP})},
}

@Article{geneL,
  author    = {Lars Bullinger and Konstanze Döhner and Eric Bair and Stefan Fröhling and Richard F. Schlenk and Robert Tibshirani and Hartmut Döhner and Jonathan R. Pollack},
  title     = {Use of Gene-Expression Profiling to Identify Prognostic Subclasses in Adult Acute Myeloid Leukemia},
  year      = {2004},
  volume    = {350},
  number    = {16},
  month     = {apr},
  pages     = {1605--1616},
  doi       = {10.1056/NEJMoa031046},
  url       = {http://dx.doi.org/10.1056/NEJMoa031046},
  journal   = {New England Journal of Medicine},
  publisher = {New England Journal of Medicine ({NEJM}/{MMS})},
}

@Article{geneP,
  author    = {Anthony Rhoads and Kin Fai Au},
  title     = {{PacBio} Sequencing and Its Applications},
  year      = {2015},
  volume    = {13},
  number    = {5},
  month     = {oct},
  pages     = {278--289},
  doi       = {10.1016/j.gpb.2015.08.002},
  url       = {http://dx.doi.org/10.1016/j.gpb.2015.08.002},
  journal   = {Genomics, Proteomics {\&} Bioinformatics},
  publisher = {Elsevier {BV}},
}

@Article{dnaB,
  author    = {Simon Bennett},
  title     = {Solexa Ltd},
  year      = {2004},
  volume    = {5},
  number    = {4},
  month     = {jun},
  pages     = {433--438},
  doi       = {10.1517/14622416.5.4.433},
  url       = {http://dx.doi.org/10.1517/14622416.5.4.433},
  journal   = {Pharmacogenomics},
  publisher = {Future Medicine Ltd},
}

@Article{dnaC,
  author       = {Shah A.},
  title        = {Chromatin immunoprecipitation sequencing (ChIP-Seq) on the ${SOLiD}^{TM}$ system},
  journaltitle = {Nature Methods},
  year         = {2009},
  volume       = {6},
  issue        = {i-iii},
  url          = {http://www.nature.com/nmeth/journal/v6/n4/full/nmeth.f.247.html},
}

@Article{dnaH,
  author    = {Gordon Robertson and Martin Hirst and Matthew Bainbridge and Misha Bilenky and Yongjun Zhao and Thomas Zeng and Ghia Euskirchen and Bridget Bernier and Richard Varhol and Allen Delaney and Nina Thiessen and Obi L Griffith and Ann He and Marco Marra and Michael Snyder and Steven Jones},
  title     = {Genome-wide profiles of {STAT}1 {DNA} association using chromatin immunoprecipitation and massively parallel sequencing},
  year      = {2007},
  volume    = {4},
  number    = {8},
  month     = {jun},
  pages     = {651--657},
  doi       = {10.1038/nmeth1068},
  url       = {http://dx.doi.org/10.1038/nmeth1068},
  journal   = {Nature Methods},
  publisher = {Springer Nature},
}

@Article{suffix_array,
  author    = {Udi Manber and Gene Myers},
  title     = {Suffix Arrays: A New Method for On-Line String Searches},
  year      = {1993},
  volume    = {22},
  number    = {5},
  month     = {oct},
  pages     = {935--948},
  doi       = {10.1137/0222058},
  url       = {http://dx.doi.org/10.1137/0222058},
  journal   = {{SIAM} Journal on Computing},
  publisher = {Society for Industrial {\&} Applied Mathematics ({SIAM})},
}

@InProceedings{fm_index,
  author    = {P. Ferragina and G. Manzini},
  title     = {Opportunistic data structures with applications},
  booktitle = {Proceedings 41st Annual Symposium on Foundations of Computer Science},
  publisher = {Institute of Electrical and Electronics Engineers ({IEEE})},
  doi       = {10.1109/sfcs.2000.892127},
  url       = {http://dx.doi.org/10.1109/SFCS.2000.892127},
}

@TechReport{BWT,
  author = {M. Burrows and D. J. Wheeler},
  title  = {A block-sorting lossless data compression algorithm},
  year   = {1994},
}

@Article{BWA_long,
  author    = {H. Li and R. Durbin},
  title     = {Fast and accurate long-read alignment with Burrows-Wheeler transform},
  year      = {2010},
  volume    = {26},
  number    = {5},
  month     = {jan},
  pages     = {589--595},
  doi       = {10.1093/bioinformatics/btp698},
  url       = {http://dx.doi.org/10.1093/bioinformatics/btp698},
  journal   = {Bioinformatics},
  publisher = {Oxford University Press ({OUP})},
}

@Article{BWA_short,
  author    = {H. Li and R. Durbin},
  title     = {Fast and accurate short read alignment with Burrows-Wheeler transform},
  year      = {2009},
  volume    = {25},
  number    = {14},
  month     = {may},
  pages     = {1754--1760},
  doi       = {10.1093/bioinformatics/btp324},
  url       = {http://dx.doi.org/10.1093/bioinformatics/btp324},
  journal   = {Bioinformatics},
  publisher = {Oxford University Press ({OUP})},
}

@Article{mapLi,
  author    = {H. Li and J. Ruan and R. Durbin},
  title     = {Mapping short {DNA} sequencing reads and calling variants using mapping quality scores},
  year      = {2008},
  volume    = {18},
  number    = {11},
  month     = {nov},
  pages     = {1851--1858},
  doi       = {10.1101/gr.078212.108},
  url       = {http://dx.doi.org/10.1101/gr.078212.108},
  journal   = {Genome Research},
  publisher = {Cold Spring Harbor Laboratory Press},
}

@Article{minion,
  author    = {Alexander S. Mikheyev and Mandy M. Y. Tin},
  title     = {A first look at the Oxford Nanopore {MinION} sequencer},
  year      = {2014},
  volume    = {14},
  number    = {6},
  month     = {sep},
  pages     = {1097--1102},
  doi       = {10.1111/1755-0998.12324},
  url       = {http://dx.doi.org/10.1111/1755-0998.12324},
  journal   = {Molecular Ecology Resources},
  publisher = {Wiley-Blackwell},
}

@Article{miniref,
  author    = {M. Roberts and W. Hayes and B. R. Hunt and S. M. Mount and J. A. Yorke},
  title     = {Reducing storage requirements for biological sequence comparison},
  year      = {2004},
  volume    = {20},
  number    = {18},
  month     = {jul},
  pages     = {3363--3369},
  doi       = {10.1093/bioinformatics/bth408},
  url       = {http://dx.doi.org/10.1093/bioinformatics/bth408},
  journal   = {Bioinformatics},
  publisher = {Oxford University Press ({OUP})},
}

@Article{nanoBLAST,
  author       = {Mohammad Ruhul Amin and Steven Skiena and Michael C. Schatz},
  title        = {NanoBLASTer: Fast Alignment and Characterization of Oxford Nanopore Single Molecule Sequencing Reads},
  journaltitle = {Stony Brook University},
  year         = {2016},
  date         = {October 13, 2016},
  url          = {http://ruhulsbu.github.io/NanoBLASTer/},
}

@Reference{ecoli_ref,
  title        = {The complete genome sequence of Escherichia coli K-12},
  year         = {2002},
  edition      = {U00096.1},
  url          = {https://www.ncbi.nlm.nih.gov/nuccore/U00096.1},
  author       = {Blattner F.R. et al.},
  journaltitle = {GenBank},
}

@InCollection{DALIGNER,
  author    = {Gene Myers},
  title     = {Efficient Local Alignment Discovery amongst Noisy Long Reads},
  booktitle = {Lecture Notes in Computer Science},
  year      = {2014},
  publisher = {Springer Science + Business Media},
  pages     = {52--67},
  doi       = {10.1007/978-3-662-44753-6\_5},
  url       = {http://dx.doi.org/10.1007/978-3-662-44753-6\_5ng},
}

@Article{BLAST,
  author    = {S. Altschul},
  title     = {Gapped {BLAST} and {PSI}-{BLAST}: a new generation of protein database search programs},
  year      = {1997},
  volume    = {25},
  number    = {17},
  month     = {sep},
  pages     = {3389--3402},
  doi       = {10.1093/nar/25.17.3389},
  url       = {http://dx.doi.org/10.1093/nar/25.17.3389},
  journal   = {Nucleic Acids Research},
  publisher = {Oxford University Press ({OUP})},
}

@Article{BLAT,
  author    = {W. J. Kent},
  title     = {{BLAT}---The {BLAST}-Like Alignment Tool},
  year      = {2002},
  volume    = {12},
  number    = {4},
  month     = {mar},
  pages     = {656--664},
  doi       = {10.1101/gr.229202},
  url       = {http://dx.doi.org/10.1101/gr.229202},
  journal   = {Genome Research},
  publisher = {Cold Spring Harbor Laboratory Press},
}

@Article{MHAP,
  author    = {Konstantin Berlin and Sergey Koren and Chen-Shan Chin and James P Drake and Jane M Landolin and Adam M Phillippy},
  title     = {Assembling large genomes with single-molecule sequencing and locality-sensitive hashing},
  year      = {2015},
  volume    = {33},
  number    = {6},
  month     = {may},
  pages     = {623--630},
  doi       = {10.1038/nbt.3238},
  url       = {http://dx.doi.org/10.1038/nbt.3238},
  journal   = {Nat Biotechnol},
  publisher = {Nature Publishing Group},
}

@Article{RMAP,
  author    = {Andrew D Smith and Zhenyu Xuan and Michael Q Zhang},
  title     = {Using quality scores and longer reads improves accuracy of Solexa read mapping},
  year      = {2008},
  volume    = {9},
  number    = {1},
  pages     = {128},
  doi       = {10.1186/1471-2105-9-128},
  url       = {http://dx.doi.org/10.1186/1471-2105-9-128},
  journal   = {{BMC} Bioinformatics},
  publisher = {Springer Nature},
  timestamp = {RMAP},
}

@Article{CloudBurst,
  author    = {M. C. Schatz},
  title     = {{CloudBurst}: highly sensitive read mapping with {MapReduce}},
  year      = {2009},
  volume    = {25},
  number    = {11},
  month     = {apr},
  pages     = {1363--1369},
  doi       = {10.1093/bioinformatics/btp236},
  url       = {http://dx.doi.org/10.1093/bioinformatics/btp236},
  journal   = {Bioinformatics},
  publisher = {Oxford University Press ({OUP})},
}

@Article{ZOOM,
  author    = {H. Lin and Z. Zhang and M. Q. Zhang and B. Ma and M. Li},
  title     = {{ZOOM}! Zillions of oligos mapped},
  year      = {2008},
  volume    = {24},
  number    = {21},
  month     = {aug},
  pages     = {2431--2437},
  doi       = {10.1093/bioinformatics/btn416},
  url       = {http://dx.doi.org/10.1093/bioinformatics/btn416},
  journal   = {Bioinformatics},
  publisher = {Oxford University Press ({OUP})},
}

@Article{SeqMap,
  author    = {H. Jiang and W. H. Wong},
  title     = {{SeqMap}: mapping massive amount of oligonucleotides to the genome},
  year      = {2008},
  volume    = {24},
  number    = {20},
  month     = {aug},
  pages     = {2395--2396},
  doi       = {10.1093/bioinformatics/btn429},
  url       = {http://dx.doi.org/10.1093/bioinformatics/btn429},
  journal   = {Bioinformatics},
  publisher = {Oxford University Press ({OUP})},
}

@Unpublished{SHRIMP,
  author = {Michael Brudno and Stephen M. Rumble},
  title  = {{SHRiMP} - {SHort Read Mapping Package}},
  year   = {2007},
  url    = {http://compbio.cs.toronto.edu/shrimp/},
}

@Article{PASS,
  author    = {D. Campagna and A. Albiero and A. Bilardi and E. Caniato and C. Forcato and S. Manavski and N. Vitulo and G. Valle},
  title     = {{PASS}: a program to align short sequences},
  year      = {2009},
  volume    = {25},
  number    = {7},
  month     = {feb},
  pages     = {967--968},
  doi       = {10.1093/bioinformatics/btp087},
  url       = {http://dx.doi.org/10.1093/bioinformatics/btp087},
  journal   = {Bioinformatics},
  publisher = {Oxford University Press ({OUP})},
}

@Article{MOM,
  author    = {H. L. Eaves and Y. Gao},
  title     = {{MOM}: maximum oligonucleotide mapping},
  year      = {2009},
  volume    = {25},
  number    = {7},
  month     = {feb},
  pages     = {969--970},
  doi       = {10.1093/bioinformatics/btp092},
  url       = {http://dx.doi.org/10.1093/bioinformatics/btp092},
  journal   = {Bioinformatics},
  publisher = {Oxford University Press ({OUP})},
}

@Online{NovoCraft,
  author = {Novocraft Technologies Sdn Bhd},
  title  = {NovoAlign},
  url    = {http://www.novocraft.com/},
}

@Article{SOAPv1,
  author    = {R. Li and Y. Li and K. Kristiansen and J. Wang},
  title     = {{SOAP}: short oligonucleotide alignment program},
  year      = {2008},
  volume    = {24},
  number    = {5},
  month     = {jan},
  pages     = {713--714},
  doi       = {10.1093/bioinformatics/btn025},
  url       = {http://dx.doi.org/10.1093/bioinformatics/btn025},
  journal   = {Bioinformatics},
  publisher = {Oxford University Press ({OUP})},
}

@Article{RESEQ,
  author    = {Y. Chen and T. Souaiaia and T. Chen},
  title     = {{PerM}: efficient mapping of short sequencing reads with periodic full sensitive spaced seeds},
  year      = {2009},
  volume    = {25},
  number    = {19},
  month     = {aug},
  pages     = {2514--2521},
  doi       = {10.1093/bioinformatics/btp486},
  url       = {https://code.google.com/archive/p/re-seq/},
  journal   = {Bioinformatics},
  publisher = {Oxford University Press ({OUP})},
}

@Article{ProbeMatch,
  author    = {Y. Jung Kim and N. Teletia and V. Ruotti and C. A. Maher and A. M. Chinnaiyan and R. Stewart and J. A. Thomson and J. M. Patel},
  title     = {{ProbeMatch}: rapid alignment of oligonucleotides to genome allowing both gaps and mismatches},
  year      = {2009},
  volume    = {25},
  number    = {11},
  month     = {apr},
  pages     = {1424--1425},
  doi       = {10.1093/bioinformatics/btp178},
  url       = {http://dx.doi.org/10.1093/bioinformatics/btp178},
  journal   = {Bioinformatics},
  publisher = {Oxford University Press ({OUP})},
}

@Article{Slider,
  author    = {N. Malhis and Y. S. N. Butterfield and M. Ester and S. J. M. Jones},
  title     = {Slider--maximum use of probability information for alignment of short sequence reads and {SNP} detection},
  year      = {2008},
  volume    = {25},
  number    = {1},
  month     = {oct},
  pages     = {6--13},
  doi       = {10.1093/bioinformatics/btn565},
  url       = {http://dx.doi.org/10.1093/bioinformatics/btn565},
  journal   = {Bioinformatics},
  publisher = {Oxford University Press ({OUP})},
}

@Article{SSAHA,
  author    = {Z. Ning},
  title     = {{SSAHA}: A Fast Search Method for Large {DNA} Databases},
  year      = {2001},
  volume    = {11},
  number    = {10},
  month     = {oct},
  pages     = {1725--1729},
  doi       = {10.1101/gr.194201},
  url       = {http://dx.doi.org/10.1101/gr.194201},
  journal   = {Genome Research},
  publisher = {Cold Spring Harbor Laboratory Press},
}

@Article{LAGAN,
  author    = {M. Brudno},
  title     = {{LAGAN} and Multi-{LAGAN}: Efficient Tools for Large-Scale Multiple Alignment of Genomic {DNA}},
  year      = {2003},
  volume    = {13},
  number    = {4},
  month     = {mar},
  pages     = {721--731},
  doi       = {10.1101/gr.926603},
  url       = {http://dx.doi.org/10.1101/gr.926603},
  journal   = {Genome Research},
  publisher = {Cold Spring Harbor Laboratory Press},
}

@Article{BLASTZ,
  author    = {S. Schwartz},
  title     = {Human-Mouse Alignments with {BLASTZ}},
  year      = {2003},
  volume    = {13},
  number    = {1},
  month     = {jan},
  pages     = {103--107},
  doi       = {10.1101/gr.809403},
  url       = {http://dx.doi.org/10.1101/gr.809403},
  journal   = {Genome Research},
  publisher = {Cold Spring Harbor Laboratory Press},
}

@Article{MGA,
  author    = {M. Hohl and S. Kurtz and E. Ohlebusch},
  title     = {Efficient multiple genome alignment},
  year      = {2002},
  volume    = {18},
  number    = {Suppl 1},
  month     = {jul},
  pages     = {S312--S320},
  doi       = {10.1093/bioinformatics/18.suppl_1.S312},
  url       = {http://dx.doi.org/10.1093/bioinformatics/18.suppl\_1.S312},
  journal   = {Bioinformatics},
  publisher = {Oxford University Press ({OUP})},
}

@Article{AVID,
  author    = {N. Bray},
  title     = {{AVID}: A Global Alignment Program},
  year      = {2002},
  volume    = {13},
  number    = {1},
  month     = {dec},
  pages     = {97--102},
  doi       = {10.1101/gr.789803},
  url       = {http://dx.doi.org/10.1101/gr.789803},
  journal   = {Genome Research},
  publisher = {Cold Spring Harbor Laboratory Press},
}

@Proceedings{LINPAT,
  title     = {{LINEAR PATTERN MATCHING ALGORITHMS}},
  year      = {1973},
  publisher = {Symp Switching and Automata Theory Iowa City: University of Iowa},
  url       = {http://airelles.i3s.unice.fr/files/Weiner.pdf},
}

@Article{SEST,
  author = {EDWARD M. MOCREIGHT},
  title  = {A Space-Economical Suffix Tree Construction Algorithm},
  year   = {1975},
  url    = {http://libeccio.di.unisa.it/TdP/suffix.pdf},
}

@Article{MUMmer1,
  author       = {Arthur L. Delcher and Simon Kasif and Robert D. Fleischmann and Jeremy Peterson and Owen White and Steven L. Salzberg},
  title        = {Alignment of whole genomes},
  journaltitle = {Nucleic Acids Research},
  year         = {1999},
  date         = {April 14, 1999},
  volume       = {27},
  number       = {11},
  pages        = {2369--2376},
  url          = {http://mummer.sourceforge.net/MUMmer.pdf},
}

@Article{MUMmer2,
  author    = {Arthur L. Delcher and Adam Phillippy and Jane Carlton and Steven L. Salzberg},
  title     = {Fast algorithms for large-scale genome alignment and comparison},
  year      = {2002},
  date      = {March 27, 2002},
  volume    = {30},
  number    = {11},
  month     = {jun},
  pages     = {2478--2483},
  doi       = {10.1093/nar/30.11.2478},
  url       = {http://dx.doi.org/10.1093/nar/30.11.2478},
  journal   = {Nucleic Acids Research},
  publisher = {Oxford University Press ({OUP})},
}

@Article{MUMmer3,
  author    = {Stefan Kurtz and Adam Phillippy and Arthur L Delcher and Michael Smoot and Martin Shumway and Corina Antonescu and Steven L Salzberg},
  title     = {Versatile and open software for comparing large genomes},
  year      = {2004},
  volume    = {5},
  number    = {2},
  pages     = {R12},
  doi       = {10.1186/gb-2004-5-2-r12},
  url       = {http://dx.doi.org/10.1186/gb-2004-5-2-r12},
  journal   = {Genome Biol},
  publisher = {Springer Nature},
}

@Article{RSST,
  author    = {Stefan Kurtz},
  title     = {Reducing the space requirement of suffix trees},
  year      = {1999},
  volume    = {29},
  number    = {13},
  month     = {nov},
  pages     = {1149--1171},
  doi       = {10.1002/(SICI)1097-024X(199911)29:13<1149::AID-SPE274>3.0.CO;2-O},
  url       = {http://dx.doi.org/10.1002/(SICI)1097-024X(199911)29:13<1149::AID-SPE274>3.0.CO;2-O},
  journal   = {Software: Practice and Experience},
  publisher = {Wiley-Blackwell},
}

@Article{REPuter,
  author    = {S. Kurtz},
  title     = {{REPuter}: the manifold applications of repeat analysis on a genomic scale},
  year      = {2001},
  volume    = {29},
  number    = {22},
  month     = {nov},
  pages     = {4633--4642},
  doi       = {10.1093/nar/29.22.4633},
  url       = {http://dx.doi.org/10.1093/nar/29.22.4633},
  journal   = {Nucleic Acids Research},
  publisher = {Oxford University Press ({OUP})},
}

@Article{SOAPv2,
  author    = {Ruibang Luo and Binghang Liu and Yinlong Xie and Zhenyu Li and Weihua Huang and Jianying Yuan and Guangzhu He and Yanxiang Chen and Qi Pan and Yunjie Liu and Jingbo Tang and Gengxiong Wu and Hao Zhang and Yujian Shi and Yong Liu and Chang Yu and Bo Wang and Yao Lu and Changlei Han and David W Cheung and Siu-Ming Yiu and Shaoliang Peng and Zhu Xiaoqian and Guangming Liu and Xiangke Liao and Yingrui Li and Huanming Yang and Jian Wang and Tak-Wah Lam and Jun Wang},
  title     = {{SOAPdenovo}2: an empirically improved memory-efficient short-read de novo assembler},
  year      = {2012},
  volume    = {1},
  number    = {1},
  month     = {dec},
  doi       = {10.1186/2047-217x-1-18},
  url       = {http://dx.doi.org/10.1186/2047-217x-1-18},
  journal   = {{GigaScience}},
  publisher = {Springer Nature},
}

@Article{TopDownFM,
  author    = {Ross A. Lippert},
  title     = {Space-Efficient Whole Genome Comparisons with Burrows{\textendash}Wheeler Transforms},
  year      = {2005},
  volume    = {12},
  number    = {4},
  month     = {may},
  pages     = {407--415},
  doi       = {10.1089/cmb.2005.12.407},
  url       = {http://dx.doi.org/10.1089/cmb.2005.12.407},
  journal   = {Journal of Computational Biology},
  publisher = {Mary Ann Liebert Inc},
}

@Article{backward_search,
  author    = {T. W. Lam and W. K. Sung and S. L. Tam and C. K. Wong and S. M. Yiu},
  title     = {Compressed indexing and local alignment of {DNA}},
  year      = {2008},
  volume    = {24},
  number    = {6},
  month     = {jan},
  pages     = {791--797},
  doi       = {10.1093/bioinformatics/btn032},
  url       = {http://dx.doi.org/10.1093/bioinformatics/btn032},
  journal   = {Bioinformatics},
  publisher = {Oxford University Press ({OUP})},
}

@Book{cellStructure,
  author    = {Cooper, Geoffrey M and Hausman, Robert E},
  title     = {The cell},
  year      = {2000},
  publisher = {Sinauer Associates Sunderland},
}

@Article{controlBehavior,
  author    = {Plomin, Robert and Owen, Michael J and McGuffin, Peter and others},
  title     = {The genetic basis of complex human behaviors},
  year      = {1994},
  pages     = {1733--1733},
  journal   = {SCIENCE-NEW YORK THEN WASHINGTON-},
  publisher = {American Association for the Advancement of Science},
}

@Article{sangerSequencing1,
  author    = {Sanger, Frederick and Nicklen, Steven and Coulson, Alan R},
  title     = {DNA sequencing with chain-terminating inhibitors},
  year      = {1977},
  volume    = {74},
  number    = {12},
  pages     = {5463--5467},
  journal   = {Proceedings of the National Academy of Sciences},
  publisher = {National Acad Sciences},
}

@Article{sangerSequencing2,
  author = {Sanger, F},
  title  = {Nucleotide sequence of bacteriophage (D X174 DNA},
  year   = {1977},
}

@Article{nextGenerationSeq,
  author  = {Schuster, Stephan C},
  title   = {Next-generation sequencing transforms today's biology},
  year    = {2007},
  volume  = {200},
  number  = {8},
  pages   = {16--18},
  journal = {Nature},
}

@Article{fastqFormat,
  author    = {P. J. A. Cock and C. J. Fields and N. Goto and M. L. Heuer and P. M. Rice},
  title     = {The Sanger {FASTQ} file format for sequences with quality scores, and the Solexa/Illumina {FASTQ} variants},
  year      = {2009},
  volume    = {38},
  number    = {6},
  month     = {dec},
  pages     = {1767--1771},
  doi       = {10.1093/nar/gkp1137},
  url       = {http://dx.doi.org/10.1093/nar/gkp1137},
  journal   = {Nucleic Acids Research},
  publisher = {Oxford University Press ({OUP})},
}

@Article{shortSequence,
  author    = {K. Paszkiewicz and D. J. Studholme},
  title     = {De novo assembly of short sequence reads},
  year      = {2010},
  volume    = {11},
  number    = {5},
  month     = {aug},
  pages     = {457--472},
  doi       = {10.1093/bib/bbq020},
  url       = {http://dx.doi.org/10.1093/bib/bbq020},
  journal   = {Briefings in Bioinformatics},
  publisher = {Oxford University Press ({OUP})},
}

@Article{SMRT1,
  author    = {Roberts, Richard J and Carneiro, Mauricio O and Schatz, Michael C},
  title     = {The advantages of SMRT sequencing},
  year      = {2013},
  volume    = {14},
  number    = {7},
  pages     = {1},
  doi       = {10.1186/gb-2013-14-7-405},
  journal   = {Genome biology},
  publisher = {BioMed Central},
}

@Article{NGScheap,
  author  = {Zhang, Xiaojing and Davenport, Karen W and Gu, Wei and Daligault, Hajnalka E and Munk, A Christine and Tashima, Hazuki and Reitenga, Krista and Green, Lance D and Han, Cliff S},
  title   = {Benchmarks},
  year    = {2012},
  volume  = {53},
  pages   = {61--62},
  journal = {Biotechniques},
}

@Article{nextGenerationSeq2,
  author    = {Elaine R. Mardis},
  title     = {Next-Generation {DNA} Sequencing Methods},
  year      = {2008},
  volume    = {9},
  number    = {1},
  month     = {sep},
  pages     = {387--402},
  doi       = {10.1146/annurev.genom.9.081307.164359},
  url       = {http://dx.doi.org/10.1146/annurev.genom.9.081307.164359},
  journal   = {Annu. Rev. Genom. Hum. Genet.},
  publisher = {Annual Reviews},
}

@Book{bioAlgoPevzner,
  author = {Compeau, Phillip and Pevzner, Pavel},
  title  = {Bioinformatics algorithms: an active learning approach},
  year   = {2015},
}

@Book{bioAlgoPevzner2004,
  author = {Jones, Neil C and Pevzner, Pavel},
  title  = {An introduction to bioinformatics algorithms},
  year   = {2004},
}

@Report{mutation1,
  title       = {VARIATIONS IN THE GENETIC CODE},
  institution = {Centre for Genetics Education},
  year        = {2016},
  chapter     = {Fact Sheet 2},
  url         = {http://www.genetics.edu.au/Publications-and-Resources/Genetics-Fact-Sheets/FactSheetVariationsinCode},
  booktitle   = {VARIATIONS IN THE GENETIC CODE},
}

@Article{mapShortReads,
  author    = {Cole Trapnell and Steven L Salzberg},
  title     = {How to map billions of short reads onto genomes},
  year      = {2009},
  volume    = {27},
  number    = {5},
  month     = {may},
  pages     = {455--457},
  doi       = {10.1038/nbt0509-455},
  url       = {http://dx.doi.org/10.1038/nbt0509-455},
  journal   = {Nat Biotechnol},
  publisher = {Nature Publishing Group},
}

@Article{SAMformat,
  author    = {H. Li and B. Handsaker and A. Wysoker and T. Fennell and J. Ruan and N. Homer and G. Marth and G. Abecasis and R. Durbin},
  title     = {The Sequence Alignment/Map format and {SAMtools}},
  year      = {2009},
  volume    = {25},
  number    = {16},
  month     = {jun},
  pages     = {2078--2079},
  doi       = {10.1093/bioinformatics/btp352},
  url       = {http://dx.doi.org/10.1093/bioinformatics/btp352},
  journal   = {Bioinformatics},
  publisher = {Oxford University Press ({OUP})},
}

@Article{alignment,
  author  = {Mount, David W},
  title   = {Sequence and genome analysis},
  year    = {2004},
  volume  = {2},
  journal = {Bioinformatics: Cold Spring Harbour Laboratory Press: Cold Spring Harbour},
}

@Article{mapperBenchmark,
  author    = {N. A. Fonseca and J. Rung and A. Brazma and J. C. Marioni},
  title     = {Tools for mapping high-throughput sequencing data},
  year      = {2012},
  volume    = {28},
  number    = {24},
  month     = {oct},
  pages     = {3169--3177},
  doi       = {10.1093/bioinformatics/bts605},
  url       = {http://dx.doi.org/10.1093/bioinformatics/bts605},
  journal   = {Bioinformatics},
  publisher = {Oxford University Press ({OUP})},
}

@Article{FASTA,
  author = {W R Pearson and D J Lipman},
  title  = {Improved tools for biological sequence comparison},
  year   = {1988},
  date   = {April 1, 1988},
  volume = {85},
  number = {8},
  pages  = {2444--2448},
  url    = {http://www.pnas.org/content/85/8/2444},
}

@Article{MegaBLAST,
  author    = {A. Morgulis and G. Coulouris and Y. Raytselis and T. L. Madden and R. Agarwala and A. A. Schaffer},
  title     = {Database indexing for production {MegaBLAST} searches},
  year      = {2008},
  volume    = {24},
  number    = {16},
  month     = {jun},
  pages     = {1757--1764},
  doi       = {10.1093/bioinformatics/btn322},
  url       = {http://dx.doi.org/10.1093/bioinformatics/btn322},
  journal   = {Bioinformatics},
  publisher = {Oxford University Press ({OUP})},
}

@Article{MegaBLAST2,
  author    = {Zheng Zhang and Scott Schwartz and Lukas Wagner and Webb Miller},
  title     = {A Greedy Algorithm for Aligning {DNA} Sequences},
  year      = {2000},
  volume    = {7},
  number    = {1-2},
  month     = {feb},
  pages     = {203--214},
  doi       = {10.1089/10665270050081478},
  url       = {http://dx.doi.org/10.1089/10665270050081478},
  journal   = {Journal of Computational Biology},
  publisher = {Mary Ann Liebert Inc},
}

@Article{PatternHunter,
  author    = {B. Ma and J. Tromp and M. Li},
  title     = {{PatternHunter}: faster and more sensitive homology search},
  year      = {2002},
  volume    = {18},
  number    = {3},
  month     = {mar},
  pages     = {440--445},
  doi       = {10.1093/bioinformatics/18.3.440},
  url       = {http://dx.doi.org/10.1093/bioinformatics/18.3.440},
  journal   = {Bioinformatics},
  publisher = {Oxford University Press ({OUP})},
}

@Article{pacBioReadLength,
  author    = {J. Eid and A. Fehr and J. Gray and K. Luong and J. Lyle and G. Otto and P. Peluso and D. Rank and P. Baybayan and B. Bettman and A. Bibillo and K. Bjornson and B. Chaudhuri and F. Christians and R. Cicero and S. Clark and R. Dalal and A. deWinter and J. Dixon and M. Foquet and A. Gaertner and P. Hardenbol and C. Heiner and K. Hester and D. Holden and G. Kearns and X. Kong and R. Kuse and Y. Lacroix and S. Lin and P. Lundquist and C. Ma and P. Marks and M. Maxham and D. Murphy and I. Park and T. Pham and M. Phillips and J. Roy and R. Sebra and G. Shen and J. Sorenson and A. Tomaney and K. Travers and M. Trulson and J. Vieceli and J. Wegener and D. Wu and A. Yang and D. Zaccarin and P. Zhao and F. Zhong and J. Korlach and S. Turner},
  title     = {Real-Time {DNA} Sequencing from Single Polymerase Molecules},
  year      = {2009},
  volume    = {323},
  number    = {5910},
  month     = {jan},
  pages     = {133--138},
  doi       = {10.1126/science.1162986},
  url       = {http://dx.doi.org/10.1126/science.1162986},
  journal   = {Science},
  publisher = {American Association for the Advancement of Science ({AAAS})},
}

@Article{RazerS,
  author    = {D. Weese and A.-K. Emde and T. Rausch and A. Doring and K. Reinert},
  title     = {{RazerS}--fast read mapping with sensitivity control},
  year      = {2009},
  volume    = {19},
  number    = {9},
  month     = {jul},
  pages     = {1646--1654},
  doi       = {10.1101/gr.088823.108},
  url       = {http://dx.doi.org/10.1101/gr.088823.108},
  journal   = {Genome Research},
  publisher = {Cold Spring Harbor Laboratory Press},
}

@InProceedings{alterHashTable,
  author       = {Meek, Colin and Patel, Jignesh M and Kasetty, Shruti},
  title        = {Oasis: An online and accurate technique for local-alignment searches on biological sequences},
  booktitle    = {Proceedings of the 29th international conference on Very large data bases-Volume 29},
  year         = {2003},
  organization = {VLDB Endowment},
  pages        = {910--921},
}

@Article{bowtie2,
  author    = {Ben Langmead and Steven L Salzberg},
  title     = {Fast gapped-read alignment with Bowtie 2},
  year      = {2012},
  volume    = {9},
  number    = {4},
  month     = {mar},
  pages     = {357--359},
  doi       = {10.1038/nmeth.1923},
  url       = {http://dx.doi.org/10.1038/nmeth.1923},
  journal   = {Nature Methods},
  publisher = {Springer Nature},
}

@Article{Cushaw2,
  author    = {Y. Liu and B. Schmidt},
  title     = {Long read alignment based on maximal exact match seeds},
  year      = {2012},
  volume    = {28},
  number    = {18},
  month     = {sep},
  pages     = {i318--i324},
  doi       = {10.1093/bioinformatics/bts414},
  url       = {http://dx.doi.org/10.1093/bioinformatics/bts414},
  journal   = {Bioinformatics},
  publisher = {Oxford University Press ({OUP})},
}

@Article{GEM,
  author    = {Santiago Marco-Sola and Michael Sammeth and Roderic Guig{\'{o}} and Paolo Ribeca},
  title     = {The {GEM} mapper: fast, accurate and versatile alignment by filtration},
  year      = {2012},
  volume    = {9},
  number    = {12},
  month     = {oct},
  pages     = {1185--1188},
  doi       = {10.1038/nmeth.2221},
  url       = {http://dx.doi.org/10.1038/nmeth.2221},
  journal   = {Nature Methods},
  publisher = {Springer Nature},
}

@Article{LAST,
  author    = {S. M. Kielbasa and R. Wan and K. Sato and P. Horton and M. C. Frith},
  title     = {Adaptive seeds tame genomic sequence comparison},
  year      = {2011},
  volume    = {21},
  number    = {3},
  month     = {jan},
  pages     = {487--493},
  doi       = {10.1101/gr.113985.110},
  url       = {http://dx.doi.org/10.1101/gr.113985.110},
  journal   = {Genome Research},
  publisher = {Cold Spring Harbor Laboratory Press},
}

@Article{BWA_MEM,
  author = {Li H.},
  title  = {Aligning sequence reads, clone sequences and assembly contigs with BWA-MEM},
  year   = {2013},
  url    = {https://arxiv.org/abs/1303.3997},
}

@Article{mappingAndAlignment,
  author    = {Jing-Quan Lim and Chandana Tennakoon and Guoliang Li and Eleanor Wong and Yijun Ruan and Chia-Lin Wei and Wing-Kin Sung},
  title     = {{BatMeth}: improved mapper for bisulfite sequencing reads on {DNA} methylation},
  volume    = {13},
  number    = {10},
  pages     = {R82},
  doi       = {10.1186/gb-2012-13-10-r82},
  url       = {http://dx.doi.org/10.1186/gb-2012-13-10-r82},
  journal   = {Genome Biol},
  publisher = {Springer Nature},
}

@Article{KMC2,
  author    = {S. Deorowicz and M. Kokot and S. Grabowski and A. Debudaj-Grabysz},
  title     = {{KMC} 2: fast and resource-frugal k-mer counting},
  year      = {2015},
  volume    = {31},
  number    = {10},
  month     = {jan},
  pages     = {1569--1576},
  doi       = {10.1093/bioinformatics/btv022},
  url       = {http://dx.doi.org/10.1093/bioinformatics/btv022},
  journal   = {Bioinformatics},
  publisher = {Oxford University Press ({OUP})},
}

@Article{minimizer1,
  author    = {Derrick E Wood and Steven L Salzberg},
  title     = {Kraken: ultrafast metagenomic sequence classification using exact alignments},
  year      = {2014},
  volume    = {15},
  number    = {3},
  pages     = {R46},
  doi       = {10.1186/gb-2014-15-3-r46},
  url       = {http://dx.doi.org/10.1186/gb-2014-15-3-r46},
  journal   = {Genome Biol},
  publisher = {Springer Nature},
}

@Article{minimizer2,
  author    = {M. Roberts and W. Hayes and B. R. Hunt and S. M. Mount and J. A. Yorke},
  title     = {Reducing storage requirements for biological sequence comparison},
  year      = {2004},
  volume    = {20},
  number    = {18},
  month     = {jul},
  pages     = {3363--3369},
  doi       = {10.1093/bioinformatics/bth408},
  url       = {http://dx.doi.org/10.1093/bioinformatics/bth408},
  journal   = {Bioinformatics},
  publisher = {Oxford University Press ({OUP})},
}

@InCollection{minimizer3,
  author    = {Szymon Grabowski and Marcin Raniszewski},
  title     = {Sampling the Suffix Array with Minimizers},
  booktitle = {String Processing and Information Retrieval},
  year      = {2015},
  publisher = {Springer Science $+$ Business Media},
  pages     = {287--298},
  doi       = {10.1007/978-3-319-23826-5_28},
  url       = {http://dx.doi.org/10.1007/978-3-319-23826-5\_28},
}

@Article{STUKO,
  author    = {E. Ukkonen},
  title     = {On-line construction of suffix trees},
  year      = {1995},
  volume    = {14},
  number    = {3},
  month     = {sep},
  pages     = {249--260},
  doi       = {10.1007/BF01206331},
  url       = {http://dx.doi.org/10.1007/BF01206331},
  journal   = {Algorithmica},
  publisher = {Springer Nature},
}

@Article{MOTIF1,
  author    = {Marie -France Sagot},
  title     = {Spelling approximate repeated or common motifs using a suffix tree},
  year      = {1998},
  pages     = {374--390},
  doi       = {10.1007/BFb0054337},
  url       = {http://dx.doi.org/10.1007/BFb0054337},
  booktitle = {{LATIN}{\textquotesingle}98: Theoretical Informatics},
  publisher = {Springer Science $\mathplus$ Business Media},
}

@Article{MOTIF2,
  author    = {Laurent Marsan and Marie-France Sagot},
  title     = {Algorithms for Extracting Structured Motifs Using a Suffix Tree with an Application to Promoter and Regulatory Site Consensus Identification},
  year      = {2000},
  volume    = {7},
  number    = {3-4},
  month     = {aug},
  pages     = {345--362},
  doi       = {10.1089/106652700750050826},
  url       = {http://dx.doi.org/10.1089/106652700750050826},
  journal   = {Journal of Computational Biology},
  publisher = {Mary Ann Liebert Inc},
}

@Article{MALIGN,
  author    = {M. Hohl and S. Kurtz and E. Ohlebusch},
  title     = {Efficient multiple genome alignment},
  year      = {2002},
  volume    = {18},
  number    = {Suppl 1},
  month     = {jul},
  pages     = {S312--S320},
  doi       = {10.1093/bioinformatics/18.suppl_1.S312},
  url       = {http://dx.doi.org/10.1093/bioinformatics/18.suppl\_1.S312},
  journal   = {Bioinformatics},
  publisher = {Oxford University Press ({OUP})},
}

@Article{gotoh1,
  author    = {Eugene W. Myers and Webb Miller},
  title     = {Optimal alignments in linear space},
  year      = {1988},
  volume    = {4},
  number    = {1},
  pages     = {11--17},
  doi       = {10.1093/bioinformatics/4.1.11},
  url       = {http://dx.doi.org/10.1093/bioinformatics/4.1.11},
  journal   = {Bioinformatics},
  publisher = {Oxford University Press ({OUP})},
}

@Article{gotoh,
  author    = {Gotoh, Osamu},
  title     = {An improved algorithm for matching biological sequences},
  year      = {1982},
  volume    = {162},
  number    = {3},
  pages     = {705--708},
  journal   = {Journal of molecular biology},
  publisher = {Elsevier},
}

@Article{BFCounter,
  author    = {P{\'{a}}ll Melsted and Jonathan K Pritchard},
  title     = {Efficient counting of k-mers in {DNA} sequences using a bloom filter},
  year      = {2011},
  volume    = {12},
  number    = {1},
  pages     = {333},
  doi       = {10.1186/1471-2105-12-333},
  url       = {http://dx.doi.org/10.1186/1471-2105-12-333},
  journal   = {{BMC} Bioinformatics},
  publisher = {Springer Nature},
}

@Article{KMC,
  author    = {Sebastian Deorowicz and Agnieszka Debudaj-Grabysz and Szymon Grabowski},
  title     = {Disk-based k-mer counting on a {PC}},
  year      = {2013},
  volume    = {14},
  number    = {1},
  pages     = {160},
  doi       = {10.1186/1471-2105-14-160},
  url       = {http://dx.doi.org/10.1186/1471-2105-14-160},
  journal   = {{BMC} Bioinformatics},
  publisher = {Springer Nature},
}

@Book{corman,
  author    = {Thomas H.. Cormen and Leiserson, Charles Eric and Rivest, Ronald L and Stein, Clifford},
  title     = {Introduction to algorithms},
  year      = {2001},
  volume    = {6},
  publisher = {MIT press Cambridge},
}

@Article{jellyfish,
  author    = {G. Marcais and C. Kingsford},
  title     = {A fast, lock-free approach for efficient parallel counting of occurrences of k-mers},
  year      = {2011},
  volume    = {27},
  number    = {6},
  month     = {jan},
  pages     = {764--770},
  doi       = {10.1093/bioinformatics/btr011},
  url       = {http://dx.doi.org/10.1093/bioinformatics/btr011},
  journal   = {Bioinformatics},
  publisher = {Oxford University Press ({OUP})},
}

@Article{turtle,
  author    = {R. S. Roy and D. Bhattacharya and A. Schliep},
  title     = {Turtle: Identifying frequent k-mers with cache-efficient algorithms},
  year      = {2014},
  volume    = {30},
  number    = {14},
  month     = {mar},
  pages     = {1950--1957},
  doi       = {10.1093/bioinformatics/btu132},
  url       = {http://dx.doi.org/10.1093/bioinformatics/btu132},
  journal   = {Bioinformatics},
  publisher = {Oxford University Press ({OUP})},
}

@Article{minsketch,
  author    = {Graham Cormode and S. Muthukrishnan},
  title     = {An improved data stream summary: the count-min sketch and its applications},
  year      = {2005},
  volume    = {55},
  number    = {1},
  month     = {apr},
  pages     = {58--75},
  doi       = {10.1016/j.jalgor.2003.12.001},
  url       = {http://dx.doi.org/10.1016/j.jalgor.2003.12.001},
  journal   = {Journal of Algorithms},
  publisher = {Elsevier {BV}},
}

@Article{LSH,
  author    = {Konstantin Berlin and Sergey Koren and Chen-Shan Chin and James P Drake and Jane M Landolin and Adam M Phillippy},
  title     = {Assembling large genomes with single-molecule sequencing and locality-sensitive hashing},
  year      = {2015},
  volume    = {33},
  number    = {6},
  month     = {may},
  pages     = {623--630},
  doi       = {10.1038/nbt.3238},
  url       = {http://dx.doi.org/10.1038/nbt.3238},
  journal   = {Nat Biotechnol},
  publisher = {Nature Publishing Group},
}

@Article{binaru_search,
  author    = {Jon Louis Bentley and Andrew Chi-Chih Yao},
  title     = {An almost optimal algorithm for unbounded searching},
  year      = {1976},
  volume    = {5},
  number    = {3},
  month     = {aug},
  pages     = {82--87},
  doi       = {10.1016/0020-0190(76)90071-5},
  url       = {http://dx.doi.org/10.1016/0020-0190(76)90071-5},
  journal   = {Information Processing Letters},
  publisher = {Elsevier {BV}},
}

@InCollection{SA_LCP,
  author    = {Juha Kärkkäinen and Peter Sanders},
  title     = {Simple Linear Work Suffix Array Construction},
  booktitle = {Automata, Languages and Programming},
  year      = {2003},
  publisher = {Springer Science $+$ Business Media},
  pages     = {943--955},
  doi       = {10.1007/3-540-45061-0_73},
  url       = {http://dx.doi.org/10.1007/3-540-45061-0\_73},
}

@InCollection{SA_LCP1,
  author    = {Toru Kasai and Gunho Lee and Hiroki Arimura and Setsuo Arikawa and Kunsoo Park},
  title     = {Linear-Time Longest-Common-Prefix Computation in Suffix Arrays and Its Applications},
  booktitle = {Combinatorial Pattern Matching},
  year      = {2001},
  publisher = {Springer Science $+$ Business Media},
  pages     = {181--192},
  doi       = {10.1007/3-540-48194-X_17},
  url       = {http://dx.doi.org/10.1007/3-540-48194-X\_17},
}

@InCollection{SA_LCP2,
  author    = {Pang Ko and Srinivas Aluru},
  title     = {Space Efficient Linear Time Construction of Suffix Arrays},
  booktitle = {Combinatorial Pattern Matching},
  year      = {2003},
  publisher = {Springer Science $+$ Business Media},
  pages     = {200--210},
  doi       = {10.1007/3-540-44888-8_15},
  url       = {http://dx.doi.org/10.1007/3-540-44888-8\_15},
}

@InProceedings{SA_LCP3,
  author    = {Sadakane, Kunihiko},
  title     = {Succinct Representations of Lcp Information and Improvements in the Compressed Suffix Arrays},
  booktitle = {Proceedings of the Thirteenth Annual ACM-SIAM Symposium on Discrete Algorithms},
  year      = {2002},
  series    = {SODA '02},
  publisher = {Society for Industrial and Applied Mathematics},
  location  = {San Francisco, California},
  isbn      = {0-89871-513-X},
  pages     = {225--232},
  url       = {http://dl.acm.org/citation.cfm?id=545381.545410},
  acmid     = {545410},
  address   = {Philadelphia, PA, USA},
  numpages  = {8},
}

@InCollection{SA_LCP4,
  author    = {Johannes Fischer and Volker Heun},
  title     = {A New Succinct Representation of {RMQ}-Information and Improvements in the Enhanced Suffix Array},
  booktitle = {Combinatorics, Algorithms, Probabilistic and Experimental Methodologies},
  publisher = {Springer Science $+$ Business Media},
  pages     = {459--470},
  doi       = {10.1007/978-3-540-74450-4_41},
  url       = {http://dx.doi.org/10.1007/978-3-540-74450-4\_41},
}

@Article{SA_LCP5,
  author    = {Juha Kärkkäinen and Peter Sanders and Stefan Burkhardt},
  title     = {Linear work suffix array construction},
  year      = {2006},
  volume    = {53},
  number    = {6},
  month     = {nov},
  pages     = {918--936},
  doi       = {10.1145/1217856.1217858},
  url       = {http://dx.doi.org/10.1145/1217856.1217858},
  journal   = {Journal of the {ACM}},
  publisher = {Association for Computing Machinery ({ACM})},
}

@Article{SA_LCP6,
  author    = {Mohamed Ibrahim Abouelhoda and Stefan Kurtz and Enno Ohlebusch},
  title     = {Replacing suffix trees with enhanced suffix arrays},
  year      = {2004},
  volume    = {2},
  number    = {1},
  month     = {mar},
  pages     = {53--86},
  doi       = {10.1016/S1570-8667(03)00065-0},
  url       = {http://dx.doi.org/10.1016/S1570-8667(03)00065-0},
  journal   = {Journal of Discrete Algorithms},
  publisher = {Elsevier {BV}},
}

@Article{SA_building,
  author    = {N. Jesper Larsson and Kunihiko Sadakane},
  title     = {Faster suffix sorting},
  year      = {2007},
  volume    = {387},
  number    = {3},
  month     = {nov},
  pages     = {258--272},
  doi       = {10.1016/j.tcs.2007.07.017},
  url       = {http://dx.doi.org/10.1016/j.tcs.2007.07.017},
  journal   = {Theoretical Computer Science},
  publisher = {Elsevier {BV}},
}

@Article{minionError1,
  author    = {Joshua Quick and Aaron R Quinlan and Nicholas J Loman},
  title     = {A reference bacterial genome dataset generated on the {MinION}{\texttrademark} portable single-molecule nanopore sequencer},
  year      = {2014},
  volume    = {3},
  number    = {1},
  month     = {oct},
  doi       = {10.1186/2047-217X-3-22},
  url       = {http://dx.doi.org/10.1186/2047-217X-3-22},
  journal   = {{GigaScience}},
  publisher = {Springer Nature},
}

@Article{minionError2,
  author    = {Miten Jain and Ian T Fiddes and Karen H Miga and Hugh E Olsen and Benedict Paten and Mark Akeson},
  title     = {Improved data analysis for the {MinION} nanopore sequencer},
  year      = {2015},
  volume    = {12},
  number    = {4},
  month     = {feb},
  pages     = {351--356},
  doi       = {10.1038/nmeth.3290},
  url       = {http://dx.doi.org/10.1038/nmeth.3290},
  journal   = {Nature Methods},
  publisher = {Nature Publishing Group},
}

@Article{HT1,
  author    = {D.H. Ballard},
  title     = {Generalizing the Hough transform to detect arbitrary shapes},
  year      = {1981},
  volume    = {13},
  number    = {2},
  month     = {jan},
  pages     = {111--122},
  doi       = {10.1016/0031-3203(81)90009-1},
  url       = {http://dx.doi.org/10.1016/0031-3203(81)90009-1},
  journal   = {Pattern Recognition},
  publisher = {Elsevier {BV}},
}

@Article{HT2,
  author    = {Hungwen Li and Mark A Lavin and Ronald J Le Master},
  title     = {Fast Hough transform: A hierarchical approach},
  year      = {1986},
  volume    = {36},
  number    = {2-3},
  month     = {nov},
  pages     = {139--161},
  doi       = {10.1016/0734-189X(86)90073-3},
  url       = {http://dx.doi.org/10.1016/0734-189X(86)90073-3},
  journal   = {Computer Vision, Graphics, and Image Processing},
  publisher = {Elsevier {BV}},
}

@Article{NCBI,
  author    = {K. D. Pruitt and T. Tatusova and W. Klimke and D. R. Maglott},
  title     = {{NCBI} Reference Sequences: current status, policy and new initiatives},
  year      = {2009},
  volume    = {37},
  number    = {Database},
  month     = {jan},
  pages     = {D32--D36},
  doi       = {10.1093/nar/gkn721},
  url       = {http://dx.doi.org/10.1093/nar/gkn721},
  journal   = {Nucleic Acids Research},
  publisher = {Oxford University Press ({OUP})},
}

@Comment{jabref-meta: databaseType:biblatex;}
