%% This is a collection of stubs of the most frequently used bibtex entries
%% with the required fields. Please refer to BibTeX/BibLaTeX docs for
%% additional details.
%% http://biblatex-biber.sourceforge.net/

%% An article from a journal or magazine.
@article{AEBCAM_LPD,
  author    = "Vahid Abolghasemi and Alireza Ahmadyfard",
  title     = "An edge-based color-aided method for license plate detection",
  journal   = "Image and Vision Computing",
  publisher = "Elsevier B.V.",
  year      = 2009,
  volume    = 27,
  issue     = 8,
  pages     = "1134-1142",
  doi       = "10.1016/j.imavis.2008.10.012",
  isbn      = "978-3-540-76413-7",
  issn      = "02628856",
  url       = "http://dx.doi.org/10.1016/j.imavis.2008.10.012"
  
}

%% A book with an explicit publisher.
@book{,
  author    = "",
  title     = "",
  publisher = "",
  year      = 
}

%% The same as inproceedings
@conference{,
  author    = "",
  title     = "",
  booktitle = "",
  number    = ,
  year      = 
}
    
%% An article in a conference proceedings.
@inproceedings{,
  author    = "",
  title     = "",
  booktitle = "",
  year      = 
}

%% A Master's thesis.
@masterthesis{,
  author = "",
  title  = "",
  school = "",
  year   = 
}
    
%% An online resource (BibLaTeX only)
@online{,
  author       = "",
  title        = "",
  year         = ,
  url          = {},
  urldate      = "",
}

%% A Ph.D. thesis.
@phdthesis{,
  author = "",
  title  = "",
  school = "",
  year   = 
}

%% A report published by a school or other institution, usually numbered within a series.
@techreport{,
  author      = "",
  title       = "",
  institution = "",
  year        = 
}
%% A document having an author and title, but not formally published
@unpublished{,
  author = "",
  title  = "",
  note   = "",
  month  = "",
  year   = 
}
   
